@inproceedings{cohen2017emnist,
  title={EMNIST: Extending MNIST to handwritten letters},
  author={Cohen, Gregory and Afshar, Saeed and Tapson, Jonathan and Van Schaik, Andre},
  booktitle={2017 International Joint Conference on Neural Networks (IJCNN)},
  pages={2921--2926},
  year={2017},
  organization={IEEE}
}

@article{schmidt2005least,
  title={Least squares optimization with L1-norm regularization},
  author={Schmidt, Mark},
  journal={CS542B Project Report},
  volume={504},
  pages={195--221},
  year={2005},
  publisher={University of British Columbia}
}

@article{krizhevsky2012imagenet,
  title={Imagenet classification with deep convolutional neural networks},
  author={Krizhevsky, Alex and Sutskever, Ilya and Hinton, Geoffrey E},
  journal={Advances in neural information processing systems},
  volume={25},
  pages={1097--1105},
  year={2012}
}

@misc{hochreiter2001gradient,
  title={Gradient flow in recurrent nets: the difficulty of learning long-term dependencies},
  author={Hochreiter, Sepp and Bengio, Yoshua and Frasconi, Paolo and Schmidhuber, J{\"u}rgen and others},
  year={2001},
  publisher={A field guide to dynamical recurrent neural networks. IEEE Press}
}

@misc{deep2021,
    title={Deep Learning Best Practices: Activation Functions \& Weight Initialization Methods â€” Part 1},
    author={Niranjan Kumar},
    howpublished={Website},
    url={https://medium.datadriveninvestor.com/deep-learning-best-practices-activation-functions-weight-initialization-methods-part-1-c235ff976ed},
    journal={Data Driven Investor},
    year={2019}
}

@inproceedings{he2015delving,
  title={Delving deep into rectifiers: Surpassing human-level performance on imagenet classification},
  author={He, Kaiming and Zhang, Xiangyu and Ren, Shaoqing and Sun, Jian},
  booktitle={Proceedings of the IEEE international conference on computer vision},
  pages={1026--1034},
  year={2015}
}

@inproceedings{glorot2010understanding,
  title={Understanding the difficulty of training deep feedforward neural networks},
  author={Glorot, Xavier and Bengio, Yoshua},
  booktitle={Proceedings of the thirteenth international conference on artificial intelligence and statistics},
  pages={249--256},
  year={2010},
  organization={JMLR Workshop and Conference Proceedings}
}

@inproceedings{eldan2016power,
  title={The power of depth for feedforward neural networks},
  author={Eldan, Ronen and Shamir, Ohad},
  booktitle={Conference on learning theory},
  pages={907--940},
  year={2016},
  organization={PMLR}
}

@article{lu2017expressive,
  title={The expressive power of neural networks: A view from the width},
  author={Lu, Zhou and Pu, Hongming and Wang, Feicheng and Hu, Zhiqiang and Wang, Liwei},
  journal={arXiv preprint arXiv:1709.02540},
  year={2017}
}

@incollection{prechelt1998early,
  title={Early stopping-but when?},
  author={Prechelt, Lutz},
  booktitle={Neural Networks: Tricks of the trade},
  pages={55--69},
  year={1998},
  publisher={Springer}
}

@article{hinton2012improving,
  title={Improving neural networks by preventing co-adaptation of feature detectors},
  author={Hinton, Geoffrey E and Srivastava, Nitish and Krizhevsky, Alex and Sutskever, Ilya and Salakhutdinov, Ruslan R},
  journal={arXiv preprint arXiv:1207.0580},
  year={2012}
}
